@article{pellegriti2013,
  author = {Pellegriti, G. and Frasca, F. and Regalbuto, C. and Squatrito, S. and Vigneri, R.},
  journal = {Journal of Cancer Epidemiology},
  year = {2013},
  month = {6},
  pages = {1-10},
  title = {Worldwide increasing incidence of thyroid cancer: update on epidemiology and risk factors},
  volume = {2013},
  doi = {10.1155/2013/965212},
}

@misc{borzooei2023,
  author = {Borzooei,Shiva and Tarokhian,Aidin},
  title = {Differentiated Thyroid Cancer Recurrence},
  year = {2023},
  journal = {UCI Machine Learning Repository},
  doi = {10.24432/C5632J}
}

@misc{ucidata,
  author = { Kelly, Markelle andLongjohn, Rachel and Nottingham, Kolby},
  title = {The UCI Machine Learning Repository},
  url = {https://archive.ics.uci.edu}
}

@article{bhattacharya2023,
title = {Advances and challenges in thyroid cancer: The interplay of genetic modulators, targeted therapies, and AI-driven approaches},
journal = {Life Sciences},
volume = {332},
pages = {122110},
year = {2023},
issn = {0024-3205},
doi = {10.1016/j.lfs.2023.122110},
url = {https://www.sciencedirect.com/science/article/pii/S0024320523007452},
author = {Srinjan Bhattacharya and Rahul Kumar Mahato and Satwinder Singh and Gurjit Kaur Bhatti and Sarabjit Singh Mastana and Jasvinder Singh Bhatti},
}

@article{xi2022,
title = {Improving the diagnosis of thyroid cancer by machine learning and clinical data},
journal = {Scientific report},
volume = {12},
pages = {11143},
year = {2022},
doi = {10.1038/s41598-022-15342-z},
author = {Xi NM and Wang L and Yang C.},
}

@article{abiodun2018,
title = {State-of-the-art in artificial neural network applications: A survey},
journal = {Heliyon},
volume = {4},
number = {11},
pages = {e00938},
year = {2018},
issn = {2405-8440},
doi = {10.1016/j.heliyon.2018.e00938},
author = {Oludare Isaac Abiodun and Aman Jantan and Abiodun Esther Omolara and Kemi Victoria Dada and Nachaat AbdElatif Mohamed and Humaira Arshad},
}

@article{cervantes2020,
title = {A comprehensive survey on support vector machine classification: Applications, challenges and trends},
journal = {Neurocomputing},
volume = {408},
pages = {189-215},
year = {2020},
issn = {0925-2312},
doi = {10.1016/j.neucom.2019.10.118},
author = {Cervantes, Jair and Garcia-Lamont, Farid and Rodríguez-Mazahua, Lisbeth and Lopez, Asdrubal}
}

@InProceedings{syriopoulos2022,
author="Syriopoulos, Panos K.
and Kotsiantis, Sotiris B.
and Vrahatis, Michael N.",
editor="Simos, Dimitris E.
and Rasskazova, Varvara A.
and Archetti, Francesco
and Kotsireas, Ilias S.
and Pardalos, Panos M.",
doi="10.1007/978-3-031-24866-5_28",
title="Survey on KNN Methods in Data Science",
booktitle="Learning and Intelligent Optimization",
year="2022",
publisher="Springer International Publishing",
address="Cham",
pages="379--393",
isbn="978-3-031-24866-5"
}

@article{konstantina2015,
title = {Machine learning applications in cancer prognosis and prediction},
journal = {Computational and Structural Biotechnology Journal},
volume = {13},
pages = {8-17},
year = {2015},
issn = {2001-0370},
doi = {10.1016/j.csbj.2014.11.005},
url = {https://www.sciencedirect.com/science/article/pii/S2001037014000464},
author = {Konstantina Kourou and Themis P. Exarchos and Konstantinos P. Exarchos and Michalis V. Karamouzis and Dimitrios I. Fotiadis},
}

@book{james2021,
  title     = "An Introduction to Statistical Learning",
  author    = "G. James, D. Witten, T. Hastie, and R. Tibshirani",
  year      = 2021,
  publisher = "Springer Texts in Statistics",
}

@article{xgboostarticle,
author = {Guo, Rui and Zhao, Zhiqian and Wang, Tao and Liu, Guangheng and Zhao, Jingyi and Gao, Dianrong},
year = {2020},
month = {09},
pages = {6593},
title = {Degradation state recognition of piston pump based on ICEEMDAN and XGBoost},
volume = {10},
journal = {Applied Sciences},
doi = {10.3390/app10186593}
}

@article{maalouf2011,
author = {Maalouf, Maher},
year = {2011},
month = {07},
pages = {281-299},
title = {Logistic regression in data analysis: An overview},
volume = {3},
journal = {International Journal of Data Analysis Techniques and Strategies},
doi = {10.1504/IJDATS.2011.041335}
}

@article{genuer2010,
title = {Variable selection using random forests},
journal = {Pattern Recognition Letters},
volume = {31},
number = {14},
pages = {2225-2236},
year = {2010},
issn = {0167-8655},
doi = {https://doi.org/10.1016/j.patrec.2010.03.014},
url = {https://www.sciencedirect.com/science/article/pii/S0167865510000954},
author = {Robin Genuer and Jean-Michel Poggi and Christine Tuleau-Malot},
}

@article{anju2018,  
author = {Anju and Nonita Sharma}, 
year = {2018}, 
month = {04},
title = {Survey of Boosting Algorithms for Big Data Applications},
volume = {5},
journal = {International Journal of Engineering Research and Technology (IJERT)}, 
url = {https://www.ijert.org/survey-of-boosting-algorithms-for-big-data-applications} 
}

@article{chavent2022,
 title={Multivariate analysis of mixed data. The R Package PCAmixdata},
 author={Chavent, Marie and Kuentz, Vanessa and Labenne, Amaury and Saracco, J{\'e}r{\^o}me},
 journal={Electronic Journal of Applied Statistical Analysis},
 volume={15},
 number={3},
 pages={606--645},
 year={2022}
}